<?xml version="1.0" encoding="UTF-8"?><collection xmlns="http://www.loc.gov/MARC21/slim"><record><leader>00507nam--2200181-u-4500</leader><controlfield tag="001">000055685</controlfield><controlfield tag="002">20161230</controlfield><controlfield tag="005">20161230201052</controlfield><controlfield tag="008">130327s1000------------r-----000-0-fre-d</controlfield><datafield ind1=" " ind2=" " tag="040"><subfield code="a">IFIN-HH</subfield></datafield><datafield ind1=" " ind2=" " tag="041"><subfield code="a">fre</subfield></datafield><datafield ind1=" " ind2=" " tag="080"><subfield code="a">539:621.039</subfield></datafield><datafield ind1="1" ind2=" " tag="100"><subfield code="a">Sousselier, Yves</subfield></datafield><datafield ind1="1" ind2="0" tag="245"><subfield code="a">Demain, l'atome..</subfield><subfield code="b">Avec la collaboration de denise gallon preface de f. perrin</subfield><subfield code="c">Yves sousselier</subfield></datafield><datafield ind1=" " ind2=" " tag="260"><subfield code="a">Paris</subfield><subfield code="b">Presses Deocumentaires</subfield><subfield code="c">1960</subfield></datafield><datafield ind1=" " ind2=" " tag="300"><subfield code="a">XV+413P</subfield></datafield><datafield ind1=" " ind2=" " tag="852"><subfield code="a">11559</subfield><subfield code="c">H.H</subfield></datafield><datafield ind1=" " ind2=" " tag="CAT"><subfield code="a">Sys</subfield><subfield code="c">20130327</subfield><subfield code="h">173316</subfield></datafield></record></collection>